@article{adams2003trust,
  title={Trust in automated systems},
  author={Adams, Barbara D and Bruyn, Lora E and Houde, S{\'e}bastien and Angelopoulos, Paul and Iwasa-Madge, Kim and McCann, Carol},
  journal={Ministry of National Defence},
  year={2003}
}

@article{beer2014toward,
  title={Toward a framework for levels of robot autonomy in human-robot interaction},
  author={Beer, Jenay M and Fisk, Arthur D and Rogers, Wendy A},
  journal={Journal of Human-Robot Interaction},
  volume={3},
  number={2},
  pages={74},
  year={2014}
}

@article{palmer2016trust,
  title={The “Trust V”: building and measuring trust in autonomous systems},
  author={Palmer, Gari and Selwyn, Anne and Zwillinger, Dan},
  journal={Robust Intelligence and Trust in Autonomous Systems},
  pages={55--77},
  year={2016}
}

@article{schaefer2013perception,
  title={The perception and measurement of human-robot trust},
  author={Schaefer, Kristin},
    journal={Ph.D. Thesis},
  year={2013}
}
@article{nahavandi2019trust,
  title={Trust in autonomous systems-iTrust lab: Future directions for analysis of trust with autonomous systems},
  author={Nahavandi, Saeid},
  journal={IEEE Systems, Man, and Cybernetics Magazine},
  volume={5},
  number={3},
  pages={52--59},
  year={2019}
}

@article{kaur2018trust,
  title={Trust in driverless cars: Investigating key factors influencing the adoption of driverless cars},
  author={Kaur, Kanwaldeep and Rampersad, Giselle},
  journal={Journal of Engineering and Technology Management},
  volume={48},
  pages={87--96},
  year={2018}
}
@article{sun2020exploring,
  title={Exploring personalised autonomous vehicles to influence user trust},
  author={Sun, Xu and Li, Jingpeng and Tang, Pinyan and Zhou, Siyuan and Peng, Xiangjun and Li, Hao Nan and Wang, Qingfeng},
  journal={Cognitive Computation},
  volume={12},
  pages={1170--1186},
  year={2020}
}

@article{akash2020human,
  title={Human trust-based feedback control: Dynamically varying automation transparency to optimize human-machine interactions},
  author={Akash, Kumar and McMahon, Griffon and Reid, Tahira and Jain, Neera},
  journal={IEEE Control Systems Magazine},
  volume={40},
  number={6},
  pages={98--116},
  year={2020}
}
@article{akash2019improving,
  title={Improving human-machine collaboration through transparency-based feedback--part I: Human trust and workload model},
  author={Akash, Kumar and Polson, Katelyn and Reid, Tahira and Jain, Neera},
  journal={IFAC-PapersOnLine},
  volume={51},
  number={34},
  pages={315--321},
  year={2019}
}
@article{shinmura2015pedestrian,
  title={Pedestrian's Inattention Estimation based on Recognition of Texting While Walking from In-Vehicle Camera Images},
  author={Shinmura, Fumito and Kawanishi, Yasutomo and Deguchi, Daisuke and Ide, Ichiro and Murase, Hiroshi and Fujiyoshi, Hironobu},
  journal={IEICE Technical Report; IEICE Tech. Rep.},
  volume={115},
  number={98},
  pages={83--88},
  year={2015}
}

@inproceedings{shikishima2018detection,
  title={Detection of texting while walking by using smartphone’s posture and acceleration information for safety of pedestrians},
  author={Shikishima, Akito and Nakamura, Kento and Wada, Tomotaka},
  booktitle={Proceedings of the 16th International Conference on Intelligent Transportation Systems Telecommunications (ITST)},
  pages={1--6},
  year={2018}
}
@inproceedings{shinmura2017recognition,
  title={Recognition of texting-while-walking by joint features based on arm and head poses},
  author={Shinmura, Fumito and Kawanishi, Yasutomo and Deguchi, Daisuke and Ide, Ichiro and Murase, Hiroshi and Fujiyoshi, Hironobu},
  booktitle={Computer Vision--ACCV 2016, Lecture Notes in Computer Science},
  pages={452--462},
  year={2017}
}
@inproceedings{kusakari2020deep,
  title={A Deep Neural Model for Pedestrians Detection with Danger Estimation},
  author={Kusakari, Yuta and Chin, Wei Hong and Kubota, Naoyuki},
  booktitle={Proceedings of the 2020 International Symposium on Community-centric Systems (CcS)},
  pages={1--6},
  year={2020}
}
@inproceedings{uemura2016estimating,
  title={Estimating Distracted Pedestrian from Deviated Walking Considering Consumption of Working Memory},
  author={Uemura, Yoshihiro and Kajiwara, Yusuke and Shimakawa, Hiromitsu},
  booktitle={Proceedings of the 2016 International Conference on Computational Science and Computational Intelligence (CSCI)},
  pages={1164--1167},
  year={2016}
}
@article{belkada2021pedestrians,
      title={Do Pedestrians Pay Attention? Eye Contact Detection in the Wild}, 
      author={Younes Belkada and Lorenzo Bertoni and Romain Caristan and Taylor Mordan and Alexandre Alahi},
      year={2021},
  journal={arXiv preprint arXiv:2112.04212}
}

@article{nasar2013pedestrian,
  title={Pedestrian injuries due to mobile phone use in public places},
  author={Nasar, Jack L and Troyer, Derek},
  journal={Accident Analysis \& Prevention},
  volume={57},
  pages={91--95},
  year={2013}
}

@article{frej2022smartphone,
  title={Smartphone Use in Traffic: A Pilot Study on Pedestrian Behavior},
  author={Frej, Damian and Ja{\'s}kiewicz, Marek and Poliak, Milo{\v{s}} and Zwierzewicz, Zenon},
  journal={Applied Sciences},
  volume={12},
  number={24},
  pages={12676},
  year={2022}
}
@article{haga2015effects,
  title={Effects of using a smart phone on pedestrians’ attention and walking},
  author={Haga, Shigeru and Sano, Ayaka and Sekine, Yuri and Sato, Hideka and Yamaguchi, Saki and Masuda, Kosuke},
  journal={Procedia Manufacturing},
  volume={3},
  pages={2574--2580},
  year={2015}
}
@article{stavrinos2011distracted,
  title={Distracted walking: cell phones increase injury risk for college pedestrians},
  author={Stavrinos, Despina and Byington, Katherine W and Schwebel, David C},
  journal={Journal of Safety Research},
  volume={42},
  number={2},
  pages={101--107},
  year={2011}
}
@article{lin2017impact,
  title={The impact of walking while using a smartphone on pedestrians’ awareness of roadside events},
  author={Lin, Ming-I Brandon and Huang, Yu-Ping},
  journal={Accident Analysis \& Prevention},
  volume={101},
  pages={87--96},
  year={2017}
}
@inproceedings{rangesh2016pedestrians,
  title={Pedestrians and their phones-detecting phone-based activities of pedestrians for autonomous vehicles},
  author={Rangesh, Akshay and Ohn-Bar, Eshed and Yuen, Kevan and Trivedi, Mohan M},
  booktitle={Proceedings of the 2016 IEEE International Conference on Intelligent Transportation Systems (ITSC)},
  pages={1882--1887},
  year={2016}
}
@article{rangesh2018vehicles,
  title={When vehicles see pedestrians with phones: A multicue framework for recognizing phone-based activities of pedestrians},
  author={Rangesh, Akshay and Trivedi, Mohan Manubhai},
  journal={IEEE Transactions on Intelligent Vehicles},
  volume={3},
  number={2},
  pages={218--227},
  year={2018}
}
@article{saenz2021detecting,
  title={Detecting phone-related pedestrian distracted behaviours via a two-branch convolutional neural network},
  author={Saenz, Humberto and Sun, Huiming and Wu, Lingtao and Zhou, Xuesong and Yu, Hongkai},
  journal={IET Intelligent Transport Systems},
  volume={15},
  number={1},
  pages={147--158},
  year={2021}
}
@inproceedings{hatay2021learning,
  title={Learning To Detect Phone-Related Pedestrian Distracted Behaviors With Synthetic Data},
  author={Hatay, Emre and Ma, Jin and Sun, Huiming and Fang, Jianwu and Gao, Zhiqiang and Yu, Hongkai},
  booktitle={Proceedings of the 2021 IEEE/CVF Conference on Computer Vision and Pattern Recognition},
  pages={2981--2989},
  year={2021}
}
@article{wu2020smartphone,
  title={Smartphone zombie detection from lidar point cloud for mobile robot safety},
  author={Wu, Jiaxu and Tamura, Yusuke and Wang, Yusheng and Woo, Hanwool and Moro, Alessandro and Yamashita, Atsushi and Asama, Hajime},
  journal={IEEE Robotics and Automation Letters},
  volume={5},
  number={2},
  pages={2256--2263},
  year={2020}
}
@inproceedings{kumamoto2018detecting,
  title={Detecting interaction of pedestrians with their smartphones based on body keypoints},
  author={Kumamoto, Koji and Yamada, Keiichi},
  booktitle={Proceedings of the 2018 IEEE International Conference on Systems, Man, and Cybernetics (SMC)},
  pages={3261--3266},
  year={2018}
}
@inproceedings{deng2014pedestrian,
  title={Pedestrian attribute recognition at far distance},
  author={Deng, Yubin and Luo, Ping and Loy, Chen Change and Tang, Xiaoou},
  booktitle={Proceedings of the 22nd ACM international conference on Multimedia},
  pages={789--792},
  year={2014}
}
@inproceedings{zheng2017person,
  title={Person re-identification in the wild},
  author={Zheng, Liang and Zhang, Hengheng and Sun, Shaoyan and Chandraker, Manmohan and Yang, Yi and Tian, Qi},
  booktitle={Proceedings of the 2017 IEEE/CVF Conference on Computer Vision and Pattern Recognition},
  pages={1367--1376},
  year={2017}
}
@inproceedings{wang2007object,
  title={Object detection combining recognition and segmentation},
  author={Wang, Liming and Shi, Jianbo and Song, Gang and Shen, I-fan},
  booktitle={Computer Vision--ACCV 2007, Lecture Notes in Computer Science},
  pages={189--199},
  year={2007}
}
@inproceedings{cordts2015cityscapes,
  title={The cityscapes dataset},
  author={Cordts, Marius and Omran, Mohamed and Ramos, Sebastian and Scharw{\"a}chter, Timo and Enzweiler, Markus and Benenson, Rodrigo and Franke, Uwe and Roth, Stefan and Schiele, Bernt},
  booktitle={Proceedings of the 2015 CVPR Workshop on the Future of Datasets in Vision},
  volume={2},
  year={2015}
}
@article{kreiss2021openpifpaf,
  title = {{OpenPifPaf: Composite Fields for Semantic Keypoint Detection and Spatio-Temporal Association}},
  author = {Sven Kreiss and Lorenzo Bertoni and Alexandre Alahi},
  journal = {IEEE Transactions on Intelligent Transportation Systems},
  volume={23},
  number={8},
  pages={13498--13511},
  year={2022}
}
@inproceedings{zhang2018shufflenet,
  title={Shufflenet: An extremely efficient convolutional neural network for mobile devices},
  author={Zhang, Xiangyu and Zhou, Xinyu and Lin, Mengxiao and Sun, Jian},
  booktitle={Proceedings of the 2018 IEEE/CVF Conference on Computer Vision and Pattern Recognition},
  pages={6848--6856},
  year={2018}
}


@inproceedings{tan2021efficientnetv2,
  title={Efficientnetv2: Smaller models and faster training},
  author={Tan, Mingxing and Le, Quoc},
  booktitle={Proceedings of the 38th International Conference on Machine Learning (ICML)},
  pages={10096--10106},
  year={2021}
}

@book{camacho2013model,
  title={Model Predictive Control},
  author={Camacho, Eduardo F and Alba, Carlos Bordons},
  year={2013},
  publisher={Springer Science \& Business Media}
}
@article{park2009obstacle,
  title={Obstacle avoidance of autonomous vehicles based on model predictive control},
  author={Park, JM and Kim, DW and Yoon, YS and Kim, HJ and Yi, KS},
  journal={Proceedings of the Institution of Mechanical Engineers, Part D: Journal of Automobile Engineering},
  volume={223},
  number={12},
  pages={1499--1516},
  year={2009}
}
@article{li2019dynamic,
  title={Dynamic trajectory planning and tracking for autonomous vehicle with obstacle avoidance based on model predictive control},
  author={Li, Shaosong and Li, Zheng and Yu, Zhixin and Zhang, Bangcheng and Zhang, Niaona},
  journal={IEEE Access},
  volume={7},
  pages={132074--132086},
  year={2019}
}
@article{lindqvist2020nonlinear,
  title={Nonlinear MPC for collision avoidance and control of UAVs with dynamic obstacles},
  author={Lindqvist, Bj{\"o}rn and Mansouri, Sina Sharif and Agha-mohammadi, Ali-akbar and Nikolakopoulos, George},
  journal={IEEE Robotics and Automation Letters},
  volume={5},
  number={4},
  pages={6001--6008},
  year={2020}
}
@article{kramer2020model,
  title={Model predictive control of a collaborative manipulator considering dynamic obstacles},
  author={Kr{\"a}mer, Maximilian and R{\"o}smann, Christoph and Hoffmann, Frank and Bertram, Torsten},
  journal={Optimal Control Applications and Methods},
  volume={41},
  number={4},
  pages={1211--1232},
  year={2020}
}
@article{cheng2019longitudinal,
  title={Longitudinal collision avoidance and lateral stability adaptive control system based on MPC of autonomous vehicles},
  author={Cheng, Shuo and Li, Liang and Guo, Hong-Qiang and Chen, Zhen-Guo and Song, Peng},
  journal={IEEE Transactions on Intelligent Transportation Systems},
  volume={21},
  number={6},
  pages={2376--2385},
  year={2019}
}
@article{tian2020hierarchical,
  title={A hierarchical adaptive control framework of path tracking and roll stability for intelligent heavy vehicle with MPC},
  author={Tian, Yantao and HuanAg, Kai and Cao, Xuanhao and Liu, Yulong and Ji, Xuewu},
  journal={Proceedings of the Institution of Mechanical Engineers, Part D: Journal of Automobile Engineering},
  volume={234},
  number={13},
  pages={2933--2946},
  year={2020}
}
@inproceedings{dosovitskiy2017carla,
      title={{CARLA}: {A}n Open Urban Driving Simulator}, 
      author={Alexey Dosovitskiy and German Ros and Felipe Codevilla and Antonio Lopez and Vladlen Koltun},
      year={2017},
  booktitle={Proceedings of the 1st Annual Conference on Robot Learning},
  pages={1--16}
}

@inproceedings{choi2021robust,
  title={Robust control barrier--value functions for safety-critical control},
  author={Choi, Jason J and Lee, Donggun and Sreenath, Koushil and Tomlin, Claire J and Herbert, Sylvia L},
  booktitle={Proceedings of the 60th IEEE Conference on Decision and Control (CDC)},
  pages={6814--6821},
  year={2021}
}

@inproceedings{son2019safety,
  title={Safety-critical control for non-affine nonlinear systems with application on autonomous vehicle},
  author={Son, Tong Duy and Nguyen, Quan},
  booktitle={Proceedings of the 59th IEEE Conference on Decision and Control (CDC)},
  pages={7623--7628},
  year={2019}
}
@inproceedings{wang2022observer,
  title={Observer-based control barrier functions for safety critical systems},
  author={Wang, Yujie and Xu, Xiangru},
  booktitle={Proceedings of the 2022 American Control Conference (ACC)},
  pages={709--714},
  year={2022}
}
@inproceedings{lyu2021probabilistic,
  title={Probabilistic safety-assured adaptive merging control for autonomous vehicles},
  author={Lyu, Yiwei and Luo, Wenhao and Dolan, John M},
  booktitle={Proceedings of the 2021 IEEE International Conference on Robotics and Automation (ICRA)},
  pages={10764--10770},
  year={2021}
}

@inproceedings{lyu2022adaptive,
  title={Adaptive safe merging control for heterogeneous autonomous vehicles using parametric control barrier functions},
  author={Lyu, Yiwei and Luo, Wenhao and Dolan, John M},
  booktitle={Proceedings of the 2022 IEEE Intelligent Vehicles Symposium (IV)},
  pages={542--547},
  year={2022}
}

@inproceedings{bruggemann2022simultaneous,
  title={Simultaneous Lane-Keeping and Obstacle Avoidance by Combining Model Predictive Control and Control Barrier Functions},
  author={Br{\"u}ggemann, Sven and Steeves, Drew and Krstic, Miroslav},
  booktitle={Proceedings of the 61st IEEE Conference on Decision and Control (CDC)},
  pages={5285--5290},
  year={2022}
}

@article{xiao2022differentiable,
      title={Differentiable Control Barrier Functions for Vision-based End-to-End Autonomous Driving}, 
      author={Wei Xiao and Tsun-Hsuan Wang and Makram Chahine and Alexander Amini and Ramin Hasani and Daniela Rus},
      year={2022},
  journal={arXiv preprint arXiv:2203.02401}
}
@inproceedings{hata2022detection,
  title={Detection of distant eye-contact using spatio-temporal pedestrian skeletons},
  author={Hata, Ryusei and Deguchi, Daisuke and Hirayama, Takatsugu and Kawanishi, Yasutomo and Murase, Hiroshi},
  booktitle={Proceedings of the 2022 IEEE International Conference on Intelligent Transportation Systems (ITSC)},
  pages={2730--2737},
  year={2022}
}

@inproceedings{ames2019control,
  title={Control barrier functions: Theory and applications},
  author={Ames, Aaron D and Coogan, Samuel and Egerstedt, Magnus and Notomista, Gennaro and Sreenath, Koushil and Tabuada, Paulo},
  booktitle={Proceedings of the 2019 European Control Conference (ECC)},
  pages={3420--3431},
  year={2019},
}
@inproceedings{zeng2021mpccbf,
  title={Safety-critical model predictive control with discrete-time control barrier function},
  author={Zeng, Jun and Zhang, Bike and Sreenath, Koushil},
  booktitle={Proceedings of the 2021 American Control Conference (ACC)},
  year={2021},
  pages={3882--3889}
}

@inproceedings{zeng2021mpccbf-feasibility,
  title={Enhancing feasibility and safety of nonlinear model predictive control with discrete-time control barrier functions},
  author={Zeng, Jun and Li, Zhongyu and Sreenath, Koushil},
  booktitle={Proceedings of the 60th IEEE Conference on Decision and Control (CDC)},
  year={2021},
  pages={6137--6144}
}
@inproceedings{thirugnanam2021safetycritical,
  author={Thirugnanam, Akshay and Zeng, Jun and Sreenath, Koushil},
  booktitle={Proceedings of the 2022 IEEE International Conference on Robotics and Automation (ICRA)}, 
  title={Safety-Critical Control and Planning for Obstacle Avoidance between Polytopes with Control Barrier Functions}, 
  year={2022},
  pages={286--292},
}
@article{mundheda2023control,
  title={Control Barrier Function-based Predictive Control for Close Proximity operation of UAVs inside a Tunnel},
  author={Mundheda, Vedant and Kandath, Harikumar and others},
  journal={arXiv preprint arXiv:2303.16177},
  year={2023}
}

@article{teng2021toward,
  title={Toward safety-aware informative motion planning for legged robots},
  author={Teng, Sangli and Gong, Yukai and Grizzle, Jessy W and Ghaffari, Maani},
  journal={arXiv preprint arXiv:2103.14252},
  year={2021}
}
@inproceedings{grandia2021multi,
  title={Multi-layered safety for legged robots via control barrier functions and model predictive control},
  author={Grandia, Ruben and Taylor, Andrew J and Ames, Aaron D and Hutter, Marco},
  booktitle={Proceedings of the 2021 IEEE International Conference on Robotics and Automation (ICRA)},
  pages={8352--8358},
  year={2021}
}

@inproceedings{ozkan2022trustaware,
      title={Trust-Aware Control of Automated Vehicles in Car-Following Interactions with Human Drivers}, 
      author={Mehmet Fatih Ozkan and Yao Ma},
    booktitle={Proceedings of the 61st IEEE Conference on Decision and Control (CDC)},
  pages={5279--5284},
  year={2022}
}

@article{cosner2023learning,
      title={Learning Responsibility Allocations for Safe Human-Robot Interaction with Applications to Autonomous Driving}, 
      author={Ryan K. Cosner and Yuxiao Chen and Karen Leung and Marco Pavone},
  journal={arXiv preprint arXiv:2303.03504},
  year={2023}
}
@inproceedings{lyu2022responsibilityassociated,
      title={Responsibility-associated Multi-agent Collision Avoidance with Social Preferences}, 
      author={Yiwei Lyu and Wenhao Luo and John M. Dolan},
  booktitle={Proceedings of the 2022 IEEE International Conference on Intelligent Transportation Systems (ITSC)},
  pages={3645--3651},
  year={2022}
}

@inproceedings{valtazanos2011intent,
  title={Intent inference and strategic escape in multi-robot games with physical limitations and uncertainty},
  author={Valtazanos, Aris and Ramamoorthy, Subramanian},
  booktitle={Proceedings of the 2011 IEEE/RSJ International Conference on Intelligent Robots and Systems},
  pages={3679--3685},
  year={2011}
}

@article{fooladi2021bayesian,
  title={A bayesian trust inference model for human-multi-robot teams},
  author={Fooladi Mahani, Maziar and Jiang, Longsheng and Wang, Yue},
  journal={International Journal of Social Robotics},
  volume={13},
  number={8},
  pages={1951--1965},
  year={2021},
  publisher={Springer}
}

@article{hu2021trust,
  title={Trust-based and individualizable adaptive cruise control using control barrier function approach with prescribed performance},
  author={Hu, Chuan and Wang, Junmin},
  journal={IEEE Transactions on Intelligent Transportation Systems},
  volume={23},
  number={7},
  pages={6974--6984},
  year={2021},
  publisher={IEEE}
}
@article{brito2021learning,
  title={Learning interaction-aware guidance policies for motion planning in dense traffic scenarios},
  author={Brito, Bruno and Agarwal, Achin and Alonso-Mora, Javier},
  journal={arXiv preprint arXiv:2107.04538},
  year={2021}
}
@inproceedings{parwana2022trust,
  title={Trust-based Rate-Tunable Control Barrier Functions for Non-Cooperative Multi-Agent Systems},
  author={Parwana, Hardik and Mustafa, Aquib and Panagou, Dimitra},
  booktitle={Proceedings of the 61st IEEE Conference on Decision and Control (CDC)},
  pages={2222--2229},
  year={2022}
}
@article{sabbir2023trust,
  title={Trust-Aware Resilient Control and Coordination of Connected and Automated Vehicles},
  author={Sabbir Ahmad, HM and Sabouni, Ehsan and Xiao, Wei and Cassandras, Christos G and Li, Wenchao},
  journal={arXiv preprint arXiv:2305.16818},
  year={2023}
}

@inproceedings{zahedi2023trust,
  title={Trust-Aware Planning: Modeling Trust Evolution in Iterated Human-Robot Interaction},
  author={Zahedi, Zahra and Verma, Mudit and Sreedharan, Sarath and Kambhampati, Subbarao},
  booktitle={Proceedings of the 2023 ACM/IEEE International Conference on Human-Robot Interaction},
  pages={281--289},
  year={2023}
}

@ARTICLE{ames2017cbfqp,
  author={Ames, Aaron D. and Xu, Xiangru and Grizzle, Jessy W. and Tabuada, Paulo},
  journal={IEEE Transactions on Automatic Control}, 
  title={Control Barrier Function Based Quadratic Programs for Safety Critical Systems}, 
  year={2017},
  volume={62},
  number={8},
  pages={3861-3876},
  doi={10.1109/TAC.2016.2638961}
}

@INPROCEEDINGS{amesadaptive,
  author={Ames, Aaron D. and Grizzle, Jessy W. and Tabuada, Paulo},
  booktitle={53rd IEEE Conference on Decision and Control}, 
  title={Control barrier function based quadratic programs with application to adaptive cruise control}, 
  year={2014},
  volume={},
  number={},
  pages={6271-6278},
  doi={10.1109/CDC.2014.7040372}
}


@article{lyu2023risk,
  title={Risk-aware Safe Control for Decentralized Multi-agent Systems via Dynamic Responsibility Allocation},
  author={Lyu, Yiwei and Luo, Wenhao and Dolan, John M},
  journal={arXiv preprint arXiv:2305.13467},
  year={2023}
}


@article{kraft1988software,
  title={A software package for sequential quadratic programming},
  author={Kraft, Dieter},
  journal={Forschungsbericht- Deutsche Forschungs- und Versuchsanstalt fur Luft- und Raumfahrt},
  year={1988}
}

@ARTICLE{2020SciPy-NMeth,
  author  = {Virtanen, Pauli and Gommers, Ralf and Oliphant, Travis E. and
            Haberland, Matt and Reddy, Tyler and Cournapeau, David and
            Burovski, Evgeni and Peterson, Pearu and Weckesser, Warren and
            Bright, Jonathan and {van der Walt}, St{\'e}fan J. and
            Brett, Matthew and Wilson, Joshua and Millman, K. Jarrod and
            Mayorov, Nikolay and Nelson, Andrew R. J. and Jones, Eric and
            Kern, Robert and Larson, Eric and Carey, C J and
            Polat, {\.I}lhan and Feng, Yu and Moore, Eric W. and
            {VanderPlas}, Jake and Laxalde, Denis and Perktold, Josef and
            Cimrman, Robert and Henriksen, Ian and Quintero, E. A. and
            Harris, Charles R. and Archibald, Anne M. and
            Ribeiro, Ant{\^o}nio H. and Pedregosa, Fabian and
            {van Mulbregt}, Paul and {SciPy 1.0 Contributors}},
  title   = {{{SciPy} 1.0: Fundamental Algorithms for Scientific
            Computing in Python}},
  journal = {Nature Methods},
  year    = {2020},
  volume  = {17},
  pages   = {261--272},
  adsurl  = {https://rdcu.be/b08Wh},
  doi     = {10.1038/s41592-019-0686-2},
}

@misc{fu_model_predictive_control,
  author = {Junsheng Fu},
  title = {Autonomous driving with Model Predictive Control},
  howpublished = {\url{https://junshengfu.github.io/Model-Predictive-Control/}},
  note = {Accessed: June 11, 2023},
}
